@InProceedings{N18-2058,
  author = 	"Ferguson, James
		and Lockard, Colin
		and Weld, Daniel
		and Hajishirzi, Hannaneh",
  title = 	"Semi-Supervised Event Extraction with Paraphrase Clusters",
  booktitle = 	"Proceedings of the 2018 Conference of the North American Chapter of the      Association for Computational Linguistics: Human Language Technologies,      Volume 2 (Short Papers)    ",
  year = 	"2018",
  publisher = 	"Association for Computational Linguistics",
  pages = 	"359--364",
  location = 	"New Orleans, Louisiana",
  doi = 	"10.18653/v1/N18-2058",
  url = 	"http://aclweb.org/anthology/N18-2058"
}


@InProceedings{sondhi-EtAl:2010:POSTERS,
  author    = {Sondhi, Parikshit  and  Gupta, Manish  and  Zhai, ChengXiang  and  Hockenmaier, Julia},
  title     = {Shallow Information Extraction from Medical Forum Data},
  booktitle = {Coling 2010: Posters},
  month     = {August},
  year      = {2010},
  address   = {Beijing, China},
  publisher = {Coling 2010 Organizing Committee},
  pages     = {1158--1166},
  url       = {http://www.aclweb.org/anthology/C10-2133}
}


@article{zhang2015,
author = {Zhang, Thomas and H D Cho, Jason and Zhai, Chengxiang},
year = {2015},
month = {03},
pages = {},
title = {Understanding User Intents in Online Health Forums},
volume = {19},
journal = {IEEE journal of biomedical and health informatics},
doi = {10.1109/JBHI.2015.2416252}

}

@inproceedings{vaswani2017attention,
  title={Attention is all you need},
  author={Vaswani, Ashish and Shazeer, Noam and Parmar, Niki and Uszkoreit, Jakob and Jones, Llion and Gomez, Aidan N and Kaiser, {\L}ukasz and Polosukhin, Illia},
  booktitle={Advances in Neural Information Processing Systems},
  pages={5998--6008},
  year={2017}
}

@inproceedings{lda_def,
title = {Latent Dirichlet Allocation},
author = {David M. Blei, Andrew Y. Ng, Michael I. Jordan},
journal = {Journal of Machine Learning Research},
volume = {3},
year = {2003},
url = {http://www.jmlr.org/papers/volume3/blei03a/blei03a.pdf}
}

@Misc{healthboards.com,
howpublished = {\url{http://healthboards.com/}},
note = {Accessed April 4, 2010},
title = {Line Spacing in LaTeX documents},
author = {Murphy, Timothy I}
}